4166 5420
162 785 211 842 tur
237 778 278 857 iiij
302 777 389 840 solidi
420 779 450 840 in
473 779 576 860 majori

161 879 312 962 engelgiS.
1037 934 1093 981 trer
1118 927 1152 980 de
1168 926 1236 993 ryde
1257 925 1291 980 de
1308 926 1410 982 horreo
1434 927 1500 998 xiiiij
1514 933 1600 982 venet.

1036 1011 1173 1066 denerior.
1536 1011 1568 1068 0.
1594 1029 1623 1082 g.
1648 1012 1684 1066 de
1705 1011 1810 1067 eurede
1840 1011 1866 1066 d.
1898 1014 1925 1082 iii
1949 1031 1975 1068 s.
2003 1015 2037 1068 de

1057 1093 1081 1151 0
1125 1096 1156 1151 G.
1182 1097 1216 1150 de
1247 1113 1271 1152 e.
1304 1095 1330 1150 d.
1360 1097 1386 1166 iij
1411 1114 1434 1150 e.
1468 1097 1501 1150 de
1514 1113 1540 1152 u.
1564 1105 1592 1152 et
1616 1114 1641 1150 e.
1672 1097 1698 1151 iu
1723 1098 1773 1166 ruer¹
1808 1099 1938 1168 eugeigir
1964 1101 2036 1154 tren-

1036 1189 1099 1237 urto
1125 1189 1150 1236 et
1174 1198 1237 1237 eree
1261 1183 1287 1236 in
1305 1183 1364 1250 mej.
1381 1181 1585 1252 engilgierieur
1609 1184 1701 1238 breme
1725 1183 1866 1252 expediet.

1035 1267 1177 1322 conradus
1223 1269 1339 1323 ireuteen
1385 1267 1501 1322 coionur
1534 1269 1563 1322 S.
1587 1275 1605 1323 t.
1630 1285 1664 1324 m.
1688 1269 1716 1323 d.
1739 1269 1819 1337 viije
1856 1269 1872 1322 d
1908 1268 1985 1338 pc
2020 1269 2035 1324 i.

1035 1355 1174 1423 expediet.
1514 1353 1542 1409 d.
1565 1355 1590 1407 tr.
1615 1369 1693 1424 quum
1716 1352 1841 1409 dominun
1861 1355 2037 1408 widekindus

1058 1439 1193 1509 Septimus
1233 1439 1375 1494 teutmunie
1412 1440 1500 1494 mititir
1514 1439 1548 1494 de
1571 1439 1728 1508 hottebepm
1751 1439 1784 1493 ed
1808 1455 1925 1510 preeeue
1951 1447 2037 1495 terret.

1035 1525 1131 1578 dentur
1163 1525 1207 1592 viij
1238 1523 1319 1578 roiidi
1350 1524 1385 1579 de
1418 1541 1499 1595 pirre
1538 1523 1590 1578 Ob.
1614 1525 1645 1579 G.
1669 1523 1704 1578 de
1727 1525 1848 1592 peiemer
1870 1527 1932 1595 ej.
1956 1534 1988 1582 et
2010 1525 2036 1578 d.

1036 1611 1109 1664 ruri·
1125 1610 1149 1662 in
1164 1613 1212 1664 der
1223 1608 1403 1679 hoitzgureen
1422 1625 1499 1679 quern
1516 1609 1542 1662 1.
1567 1609 1687 1665 floreum
1713 1610 1748 1664 de
1765 1611 1902 1680 pensione
1927 1610 1955 1681 ttj
1981 1611 2037 1666 du-

1034 1697 1165 1764 mupirter
1198 1695 1334 1750 heinricus
1358 1695 1639 1762 breuiter-rerumne
1669 1703 1826 1765 comperete
1864 1704 1932 1767 eput
1963 1698 2034 1750 iteu-

1034 1781 1103 1834 uren
1126 1781 1159 1832 ud
1185 1797 1297 1851 prerenr
1322 1789 1405 1848 tenet.
1513 1782 1596 1835 riuum
1621 1781 1790 1850 wiidungen.

1061 1863 1134 1936 Odijt
1150 1865 1301 1922 cunradus
1319 1866 1354 1922 de
1372 1865 1501 1922 Geismar

1034 1953 1158 2021 nrmiper
1194 1950 1298 2006 tumor
1340 1951 1377 2006 m
1412 1953 1500 2006 datur

1034 2038 1143 2092 medius
1162 2035 1288 2105 florentin
1310 2037 1345 2092 de
1361 2039 1499 2108 pensione

1033 2122 1066 2192 iii
1106 2121 1299 2191 florenorum
1331 2131 1500 2194 comparata

1034 2208 1112 2279 apud
1120 2207 1265 2264 henricum
1273 2208 1309 2264 de
1321 2209 1498 2279 Wiidunpen.

951 2329 979 2384 e.
1001 2311 1048 2400 iij.
1071 2329 1146 2382 uuu.
1170 2312 1238 2382 dte.

1060 2426 1501 2500 0d.juiranneur0erneireprer·
1537 2427 1570 2482 Ο.
1591 2427 1653 2496 jub.
1686 2425 1827 2482 werniiren
1858 2427 1982 2482 etterirte
2006 2433 2032 2480 et

1037 2511 1117 2586 dpter
1129 2522 1282 2568 succentor
1294 2521 1321 2568 et
1331 2514 1418 2568 datur
1428 2529 1501 2568 unus
1514 2519 1664 2567 succentor
1696 2513 1724 2566 d.
1752 2511 1777 2566 1.
1802 2511 1828 2565 n.
1853 2511 1879 2566 d.
1903 2511 1938 2567 C.
1963 2513 1981 2566 i.
2007 2529 2033 2568 n.

1034 2597 1158 2670 floreum
1174 2599 1209 2654 de
1225 2597 1356 2654 centibus
1372 2600 1403 2652 in
1418 2599 1532 2670 opidog
1568 2613 1594 2668 p.
1617 2599 1635 2651 i.
1659 2613 1684 2650 e.

1035 2685 1159 2755 neirmar
1186 2687 1347 2756 peripsum
1379 2700 1501 2757 cumpu—
1537 2684 1706 2738 Tricesimum
1731 2681 1809 2751 judie
1841 2682 1876 2736 de
1900 2681 2037 2756 Geprmar

1035 2773 1114 2825 ratis.
1513 2769 1647 2824 canonici
1665 2769 1754 2823 datur
1769 2784 1844 2823 unire
1859 2768 1988 2838 liorem
2001 2769 2033 2824 de

1512 2856 1580 2925 iiij⁰¹
1599 2854 1716 2925 florenis
1750 2855 1850 2926 enuptio
1873 2855 1953 2926 apud
1976 2855 2033 2910 eii·

1512 2941 1595 2994 ianoe
1618 2941 1647 2994 in
1671 2937 1920 2996 odirnrneidericir.

969 3047 999 3114 b.
1081 3062 1156 3116 unu.
1178 3047 1247 3116 deu.

239 3131 357 3192 turen
376 3131 505 3204 rtrgnrr.
1023 3063 1048 3134 u
1090 3131 1297 3192 tenemento
1314 3130 1440 3190 nurui.
1713 3131 1736 3190 t.
1755 3131 1783 3189 t.
1803 3132 1831 3190 b.

184 3221 447 3288 Ob.ir.kazemen
468 3224 575 3286 dentur
609 3230 640 3287 0.
665 3229 691 3286 h.
716 3235 838 3284 cetzmmr
855 3228 882 3282 d.
899 3229 933 3282 de
951 3235 1022 3286 tnru.
1061 3225 1263 3284 Ointeiurimir
1283 3228 1501 3284 Getemrudeu-
1535 3227 1569 3284 0.
1587 3228 1714 3286 henriuue
1737 3246 1763 3286 u.
1781 3230 1808 3284 d.
1824 3230 1841 3300 ij
1858 3248 1880 3285 r.
1897 3229 1935 3285 de
1952 3229 2030 3287 domu

160 3325 278 3408 jjpoljdi
295 3328 332 3390 de
349 3326 490 3389 pon-utari
507 3334 574 3390 ,nte
585 3333 610 3370 u.
633 3314 693 3370 retr.
716 3314 734 3384 ij
759 3313 850 3369 relidi.
1035 3320 1077 3368 tur
1099 3315 1116 3382 ij
1138 3314 1218 3368 rotidi
1242 3314 1376 3368 dedomo
1400 3313 1503 3368 ketire·
1511 3315 1584 3384 johie
1602 3315 1771 3386 phpiemedir
1789 3317 1839 3372 nite
1856 3331 1881 3371 ι.
1893 3315 2030 3371 rehiider·

608 3400 681 3470 outjr
705 3400 825 3456 eibertur
850 3398 935 3454 terlrie
952 3399 1094 3455 den-rine
1110 3397 1193 3453 buiuu
1213 3400 1265 3454 sin
1285 3404 1348 3454 ente
1364 3398 1596 3470 rciriider-tirupr
1619 3407 1683 3472 epm
1706 3402 1780 3458 dum.
1793 3401 1868 3470 jobii
1885 3401 1978 3456 buhen
2000 3401 2030 3454 ed

586 3493 627 3540 tur
649 3486 685 3557 iiij
715 3484 796 3542 ruiidi
829 3485 863 3540 de
886 3484 966 3540 bouis
995 3485 1086 3540 indor
1119 3485 1190 3555 epud
1226 3485 1334 3540 domum
1372 3485 1592 3554 joheuniuiineru
1616 3485 1697 3541 Gurie
1730 3485 1884 3542 euweiouir
1907 3486 2029 3556 trirperg.

585 3572 675 3627 turiou
691 3587 742 3644 pro
759 3585 807 3624 sue
824 3571 952 3625 memorie
970 3570 1156 3640 pe·ieehmen
1181 3571 1248 3626 inuri
1270 3573 1304 3625 ed
1322 3572 1399 3626 duem
1421 3569 1503 3624 Curie
1536 3569 1570 3625 Ο.
1593 3585 1618 3624 e.
1643 3577 1662 3626 t.
1685 3577 1712 3626 et
1737 3571 1893 3642 truugurrdie
1918 3589 1946 3628 u.
1971 3589 1993 3628 r.
2009 3571 2030 3623 d.

586 3657 707 3727 repende
723 3654 1138 3724 etGunuguudirunu-eyii‘ridi
1165 3655 1288 3727 irirperg.
1514 3655 1550 3725 iiii
1572 3673 1595 3712 s.
1619 3657 1646 3714 d.
1668 3672 1694 3709 e.
1718 3663 1747 3711 et
1769 3673 1795 3712 e.
1818 3657 1836 3714 i.
1858 3664 1879 3714 t.

586 3743 696 3798 ristun
720 3740 1022 3812 quoereetnreiteris
1057 3742 1090 3796 0.
1114 3758 1139 3796 e.
1170 3741 1255 3797 tertii
1278 3749 1307 3796 et
1328 3741 1503 3810 kunegundis
1536 3741 1570 3798 di.
1594 3742 1620 3795 d.
1644 3742 1670 3796 ir.
1694 3741 1729 3797 de
1753 3742 1780 3798 d.
1803 3759 1837 3796 ru.
1860 3758 1885 3796 r..
1909 3742 1939 3796 d.
1958 3758 1992 3796 n.
2007 3747 2031 3794 et

586 3829 674 3884 rerreti
697 3827 802 3883 Nicoiei
835 3827 906 3897 quod
932 3827 1105 3882 domi-uxor
1134 3842 1183 3881 rue
1226 3829 1321 3883 dentur
1349 3827 1386 3894 iiij
1415 3844 1437 3881 r.
1468 3826 1503 3880 de
1515 3845 1541 3880 r.
1564 3832 1593 3882 et
1616 3826 1693 3882 detur
1725 3835 1802 3884 eerte
1834 3833 1917 3899 quote
1945 3828 1980 3882 de
2001 3825 2028 3880 G.

586 3929 634 3968 nur
658 3914 692 3968 de
716 3911 882 3968 neutrumne
913 3911 1109 3982 iurtituitegrie
1143 3919 1170 3966 et
1193 3913 1319 3967 centibus
1350 3913 1375 3966 in
1400 3911 1539 3966 tortumin
1564 3929 1589 3966 u.
1613 3920 1642 3968 et
1664 3911 1843 3985 Rudenberg.

586 4001 718 4070 expediet
739 3999 765 4054 in
789 3998 911 4052 termino.
1056 3997 1129 4052 nu
1163 3998 1189 4051 tr.
1224 3999 1300 4052 ded.
1320 3996 1503 4051 rnuumde-
1536 3994 1572 4052 0.
1596 4015 1624 4067 p.
1648 3998 1754 4054 eibiken
1780 3999 1807 4052 d.
1830 4001 1847 4068 ii
1863 4014 1889 4053 e.
1913 4000 1941 4054 d.
1957 3997 2030 4052 det

607 4084 859 4142 Memoriudomini
874 4082 1023 4138 hermanni
1035 4083 1188 4138 iunetorum
1228 4082 1316 4137 mimir
1347 4091 1374 4138 et
1404 4081 1591 4152 vigitiiregrir
1615 4084 1640 4138 in
1664 4083 1855 4154 Nuwenburg.

586 4173 621 4226 de
645 4169 794 4242 drefordia
816 4169 913 4224 miiitis
936 4169 1060 4224 deterret
1093 4170 1190 4224 deutur
1220 4169 1323 4237 xxiiij⁰'
1351 4167 1436 4222 roiidi
1468 4168 1504 4223 de
1537 4167 1635 4224 Oditur
1665 4170 1771 4225 domini
1802 4170 1865 4226 Ado
1895 4168 2028 4225 mannen

585 4257 673 4327 exiiij
694 4256 788 4312 eoiidr'.
1036 4254 1168 4310 Geneibue
1193 4254 1217 4308 in
1240 4252 1334 4309 eirieit
1349 4261 1378 4308 et
1393 4253 1418 4308 in
1442 4251 1504 4307 rto-
1515 4254 1603 4309 datur
1617 4254 1644 4310 1.
1656 4253 1783 4326 florentie
1803 4255 1948 4328 equaliter
1962 4255 2028 4308 inter

1036 4341 1162 4410 dietrerg.
1516 4341 1673 4395 canonicor
1695 4343 1823 4396 eieurios
1840 4349 1867 4398 et
1886 4341 2028 4396 uiterntrr

1059 4425 1132 4481 Obiit
1149 4424 1287 4494 gertrudis
1301 4423 1417 4494 rynekin
1431 4425 1505 4478 durr-
1515 4426 1692 4482 dividendus.

1039 4519 1081 4564 mr
1114 4511 1130 4580 ij
1166 4509 1246 4564 sniidi
1284 4510 1319 4564 de
1360 4511 1442 4564 domo
1478 4517 1504 4564 et

1038 4596 1114 4666 egris
1162 4595 1280 4650 iotzouir
1319 4595 1436 4650 beckers
1476 4596 1502 4650 in

1040 4681 1221 4750 nuwenburg.

979 4783 1007 4848 ο,
1029 4785 1132 4840 unum
1154 4771 1222 4840 deu.

183 4881 242 4948 ob.
264 4883 361 4946 bruno
391 4882 495 4962 laycus
525 4877 581 4946 deti
607 4884 658 4942 Ob.
683 4887 723 4941 br.
747 4884 830 4942 ieieur
862 4885 908 4939 det
931 4885 1034 4940 Thide·
1068 4885 1102 4940 0.
1134 4886 1174 4939 br.
1205 4885 1222 4939 i
1254 4885 1350 4940 duntur
1381 4899 1395 4935 r
1427 4883 1509 4939 eoiidi
1542 4883 1577 4940 0.
1602 4887 1642 4939 br.
1666 4885 1683 4939 Ι.
1708 4887 1735 4940 d.
1760 4903 1774 4938 r
1800 4901 1812 4940 e
1837 4869 1883 4942 'de
1906 4886 1984 4943 vinee
2005 4899 2027 4953 q·

163 4977 330 5036 conventus
363 4971 390 5029 in
414 4967 533 5048 hepene
556 4956 657 5044 vfrieus
681 4971 715 5026 de
739 4971 902 5040 hertiuberg
932 4971 1033 5026 Seoiu-
1046 4973 1080 5026 de
1111 4971 1187 5025 vinee
1220 4987 1297 5041 quem
1331 4969 1364 5023 ud
1394 4985 1544 5039 preterire.
1568 4987 1608 5042 pr.
1633 4971 1851 5028 teuetduminur
1869 4969 2027 5030 diruuntur

160 3429 349 3494 achilderdor
358 3438 506 3512 proponet
515 3429 574 3492 Cu·

160 3551 317 3597 merarius.
